@Misc{siunitx,
  note =      {\url{http://ctan.org/pkg/siunitx}}
}

@Article{PDG2012,
  title = "{Review of Particle Physics}",
  author = "{J. Beringer et al. (Particle Data Group)}",
  journal = "{Phys. Rev.}",
  volume = {D86},
  pages = {010001},
  month = {Jul},
  year = {2012},
}

@Misc{escobar,
  note = {\url{https://twiki.cern.ch/twiki/bin/viewauth/AtlasProtected/SingleTopRounding}}
}

@Preprint{Aad:2013ysa,
      author         = "Aad, Georges and others",
      title          = "{Measurement of the production cross section of jets in
                        association with a $Z$ boson in $pp$ collisions at $\sqrt{s}$
                        = 7 TeV with the ATLAS detector}",
      collaboration  = "ATLAS Collaboration",
      year           = "2013",
      eprint         = "1304.7098",
      archivePrefix  = "arXiv",
      primaryClass   = "hep-ex",
      reportNumber   = "CERN-PH-EP-2013-023",
      SLACcitation   = "%%CITATION = ARXIV:1304.7098;%%",
}
