@Article{EXOT-2013-13-witherratum,
    author         = "{ATLAS Collaboration}",
    title          = "{Search for new phenomena in final states with an energetic jet and large missing transverse momentum in $pp$ collisions at $\sqrt{s} = 8\;\mbox{TeV}$ with the ATLAS detector}",
    journal        = "Eur. Phys. J. C",
    volume         = "75",
    year           = "2015",
    pages          = "299",
    doi            = "10.1140/epjc/s10052-015-3517-3",
    reportNumber   = "CERN-PH-EP-2014-299",
    eprint         = "1502.01518",
    archivePrefix  = "arXiv",
    primaryClass   = "hep-ex",
    addendum       = "Erratum: \href{http://dx.doi.org/10.1140/epjc/s10052-015-3639-7}{Eur. Phys. J. C \textbf{75} (2015) 408}",
}

@Article{HIGG-2013-17-witherratum,
    author         = "{ATLAS Collaboration}",
    title          = "{Study of the spin and parity of the Higgs boson in diboson decays with the ATLAS detector}",
    journal        = "Eur. Phys. J. C",
    volume         = "75",
    year           = "2015",
    pages          = "476",
    doi            = "10.1140/epjc/s10052-015-3685-1",
    reportNumber   = "CERN-PH-EP-2015-114",
    eprint         = "1506.05669",
    archivePrefix  = "arXiv",
    primaryClass   = "hep-ex",
    addendum       = "Erratum: \href{http://dx.doi.org/10.1140/epjc/s10052-016-3934-y}{Eur. Phys. J. C \textbf{76} (2016) 152}",
}

