% Acknowledgements for papers with collision data

% Bibitem entry for the Tier2 facilities reference
%------------------------------------------------------------------------------
@Booklet{comp_Tier2s,
    author         = "{ATLAS Collaboration}",
    title          = "{ATLAS Computing Acknowledgements}",
    howpublished   = "{ATL-SOFT-PUB-2020-001}",
    url            = "https://cds.cern.ch/record/2717821",
} 

