% ATLAS publications and LaTeX documentation
% Note that the entry type @Online is used here.
% This works with biblatex. If you use BibTeX you have to use an entry type like @Manual instead.

@Online{publication-policy,
  title = "{ATLAS} Publication Policy",
  url   = "http://atlas.web.cern.ch/Atlas/GROUPS/GENERAL/SCINOTES/scinotes.html"
}

@Online{atlas-latex,
	title = "Users guide to the {ATLAS} \LaTeX\ templates",
	url   = "http://twiki.cern.ch/twiki/pub/AtlasProtected/PubComTemplates/atlas-latex.pdf"
}

@Online{atlas-physics,
	title = "Symbols defined in \texttt{atlasphysics.sty}",
	url   = "https://twiki.cern.ch/twiki/pub/AtlasProtected/PubComTemplates/atlas-physics.pdf"
}

@Online{atlas-bibtex,
	title = "{ATLAS} \textsc{Bib}\TeX\ Guide",
	url   = "https://twiki.cern.ch/twiki/pub/AtlasProtected/PubComTemplates/atlas-bibtex.pdf"
}

@Online{atlas-style,
	title = "{ATLAS} Style Guide",
	report = "ATL-GEN-PUB-2008-001",
	url   = "https://cds.cern.ch/record/1110290"
}

@Online{atlas-rounding,
	title = "{ATLAS} Rounding Guidelines",
	url   = "https://twiki.cern.ch/twiki/bin/view/AtlasProtected/PubComTemplates"
}

@Online{atlas-glossary,
	title = "{ATLAS} Glossary",
	url   = "https://twiki.cern.ch/twiki/bin/view/Atlas/AtlasGlossary"
}
